<record xmlns:xsi="http://www.w3.org/2001/XMLSchema-instance" xmlns="http://www.loc.gov/MARC21/slim" xsi:schemaLocation="http://www.loc.gov/MARC21/slim http://www.loc.gov/standards/marcxml/schema/MARC21slim.xsd">

  <leader>01361nam a2200301Ia 4500</leader>
  <datafield ind2=" " tag="999" ind1=" ">
    <subfield code="c">1117</subfield>
    <subfield code="d">1117</subfield>
  </datafield>
  <controlfield tag="008">180606b2005    e  ||||| |||| 00| | spa d</controlfield>
  <datafield ind1=" " tag="020" ind2=" ">
    <subfield code="a">9978-44-632-x</subfield>
  </datafield>
  <datafield ind2=" " tag="090" ind1=" ">
    <subfield code="a">12.06.01 </subfield>
    <subfield code="b">1599</subfield>
  </datafield>
  <datafield ind2=" " tag="100" ind1=" ">
    <subfield code="a">Souza Silva, José de</subfield>
    <subfield code="9">2811</subfield>
  </datafield>
  <datafield tag="245" ind1="1" ind2="3">
    <subfield code="a">La innovación de la innovación institucional: de lo universal, mecánico y neutral  a lo contextual, interactivo y ético desde una perspectiva latinoamericana / </subfield>
    <subfield code="c">José de Souza Silva, Juan Cheaz, Julio Santamaría, María Adriana Mato Bode, Suzana Valle Lima, Antonio Maria Gomes de Castro, Leonardo Salazar, Albina Maestrey, Nelson Rodríguez, Patricio Sambonino, Freddy Javier Álvarez-González.</subfield>
  </datafield>
  <datafield tag="260" ind1=" " ind2=" ">
    <subfield code="a">Quito, EC. :</subfield>
    <subfield code="b"> Red Nuevo Paradigma,</subfield>
    <subfield code="c">2005</subfield>
  </datafield>
  <datafield ind2=" " ind1=" " tag="300">
    <subfield code="a">370 páginas</subfield>
  </datafield>
  <datafield ind2="4" tag="650" ind1="1">
    <subfield code="a">INNOVACIONES</subfield>
    <subfield code="9">649</subfield>
  </datafield>
  <datafield ind2="4" ind1="1" tag="650">
    <subfield code="a">INSTITUCIONES DE ENSEÑANZA</subfield>
    <subfield code="9">1380</subfield>
  </datafield>
  <datafield ind1="1" tag="650" ind2="4">
    <subfield code="a">SOCIEDAD </subfield>
    <subfield code="9">396</subfield>
  </datafield>
  <datafield ind2=" " tag="700" ind1=" ">
    <subfield code="a">Souza Silva, José de</subfield>
    <subfield code="9">2811</subfield>
  </datafield>
  <datafield ind2=" " ind1="1" tag="700">
    <subfield code="a">Cheaz Peláez, Juan</subfield>
    <subfield code="9">3720</subfield>
  </datafield>
  <datafield tag="700" ind1=" " ind2=" ">
    <subfield code="a"> Santamaría Guerra, Julio</subfield>
    <subfield code="9">3719</subfield>
  </datafield>
  <datafield ind1=" " tag="700" ind2=" ">
    <subfield code="a">Mato Bode, María Adriana</subfield>
    <subfield code="9">3718</subfield>
  </datafield>
  <datafield tag="700" ind1=" " ind2=" ">
    <subfield code="a">Valle Lima, Suzana María</subfield>
    <subfield code="9">3722</subfield>
  </datafield>
  <datafield ind2=" " tag="700" ind1=" ">
    <subfield code="a">Gomes de Castro, Antonio Maria </subfield>
    <subfield code="9">3723</subfield>
  </datafield>
  <datafield ind1=" " tag="700" ind2=" ">
    <subfield code="a">Salazar, Leonardo</subfield>
    <subfield code="9">3724</subfield>
  </datafield>
  <datafield tag="700" ind1=" " ind2=" ">
    <subfield code="a">Maestrey, Albina </subfield>
    <subfield code="9">3725</subfield>
  </datafield>
  <datafield tag="700" ind1=" " ind2=" ">
    <subfield code="a">Rodríguez, Nelson </subfield>
    <subfield code="9">3726</subfield>
  </datafield>
  <datafield ind2=" " ind1=" " tag="700">
    <subfield code="a">Sambonino, Patricio </subfield>
    <subfield code="9">3727</subfield>
  </datafield>
  <datafield ind1=" " tag="700" ind2=" ">
    <subfield code="a">Álvarez González, Freddy Javier</subfield>
    <subfield code="9">3717</subfield>
  </datafield>
  <datafield ind2=" " tag="942" ind1=" ">
    <subfield code="2">z</subfield>
    <subfield code="c">01</subfield>
  </datafield>
</record>